@article{weyssow2024codeultrafeedback,
  title={CodeUltraFeedback: An LLM-as-a-Judge Dataset for Aligning Large Language Models to Coding Preferences},
  author={Weyssow, Martin and Kamanda, Aton and Zhou, Xin and Sahraoui, Houari},
  journal={arXiv preprint arXiv:2403.09032},
  year={2024}
}

@inproceedings{koutcheme2025evaluating,
  title={Evaluating Language Models for Generating and Judging Programming Feedback},
  author={Koutcheme, Charles and Dainese, Nicola and Sarsa, Sami and Hellas, Arto and Leinonen, Juho and Ashraf, Syed and Denny, Paul},
  booktitle={Proceedings of the 56th ACM Technical Symposium on Computer Science Education V. 1},
  pages={624--630},
  year={2025}
}

@article{zhao2024codejudgeeval,
  title={CodeJudge-Eval: Can Large Language Models be Good Judges in Code Understanding?},
  author={Zhao, Yuwei and Luo, Ziyang and Tian, Yuchen and Lin, Hongzhan and Yan, Weixiang and Li, Annan and Ma, Jing},
  journal={arXiv preprint arXiv:2408.10718},
  year={2024}
}

@article{west2023generative,
  title={The Generative AI Paradox: "What It Can Create, It May Not Understand"},
  author={West, Peter and Lu, Ximing and Dziri, Nouha and Brahman, Faeze and Li, Linjie and Hwang, Jena D and Jiang, Liwei and Fisher, Jillian and Ravichander, Abhilasha and Chandu, Khyathi Raghavi and others},
  journal={arXiv preprint arXiv:2311.00059},
  year={2023}
}

@article{gu2024counterfeit,
  title={The Counterfeit Conundrum: Can Code Language Models Grasp the Nuances of Their Incorrect Generations?},
  author={Gu, Alex and Li, Wen-Ding and Jain, Naman and Olausson, Theo X and Lee, Charles and Sen, Koushik and Solar-Lezama, Armando},
  journal={arXiv preprint arXiv:2402.19475},
  year={2024}
}

@article{tong2024codejudge,
  title={CodeJudge: Evaluating Code Generation with Large Language Models},
  author={Tong, Weixi and Zhang, Tianyi},
  journal={arXiv preprint arXiv:2410.02184},
  year={2024}
}

@article{zhuo2023icescore,
  title={ICE-Score: Instructing Large Language Models to Evaluate Code},
  author={Zhuo, Terry Yue},
  journal={arXiv preprint arXiv:2304.14317},
  year={2023}
}






